<record xmlns="http://www.loc.gov/MARC21/slim" xmlns:xsi="http://www.w3.org/2001/XMLSchema-instance" xsi:schemaLocation="http://www.loc.gov/MARC21/slim http://www.loc.gov/standards/marcxml/schema/MARC21slim.xsd"><leader>02220nam a2200361   4500</leader><controlfield tag="001">001677189</controlfield><controlfield tag="003">NNU</controlfield><controlfield tag="006">m        d        </controlfield><controlfield tag="007">cr cn |||m|||a</controlfield><controlfield tag="008">150223m19321933ua      o     000 0 ara d</controlfield><datafield ind1=" " ind2=" " tag="040"><subfield code="a">NNU</subfield><subfield code="b">eng</subfield><subfield code="e">rda</subfield><subfield code="c">NNU</subfield></datafield><datafield ind1=" " ind2="4" tag="050"><subfield code="a">BP135.A2</subfield><subfield code="b">J3 1932</subfield></datafield><datafield ind1="1" ind2=" " tag="100"><subfield code="6">880-01</subfield><subfield code="a">&#699;Ajlu&#772;ni&#772;, Isma&#772;&#699;i&#772;l ibn Muh&#803;ammad,</subfield><subfield code="d">1676 or 1677-1748 or 1749.</subfield></datafield><datafield ind1="1" ind2="0" tag="245"><subfield code="6">880-02</subfield><subfield code="a">Kashf al-khafa&#772;&#700; wa-muzi&#772;l al-ilba&#772;s &#699;amma&#772; ishtahara min al-ah&#803;a&#772;di&#772;th &#699;ala&#769; alsinat al-na&#772;s /</subfield><subfield code="c">li-Isma&#772;&#699;i&#772;l ibn Muh&#803;ammad al-&#699;Ajlu&#772;ni&#772; al-Jarra&#772;h&#803;i&#772;.</subfield></datafield><datafield ind1=" " ind2=" " tag="260"><subfield code="6">880-03</subfield><subfield code="a">al-Qa&#772;hirah :</subfield><subfield code="b">Maktabat al-Qudsi&#772;,</subfield><subfield code="c">1351-1352 [1932-1933]</subfield></datafield><datafield ind1=" " ind2=" " tag="300"><subfield code="a">online resource (2 volumes)</subfield></datafield><datafield ind1=" " ind2=" " tag="336"><subfield code="a">text</subfield><subfield code="2">rdacontent</subfield></datafield><datafield ind1=" " ind2=" " tag="337"><subfield code="a">computer</subfield><subfield code="2">rdamedia</subfield></datafield><datafield ind1=" " ind2=" " tag="338"><subfield code="a">online resource</subfield><subfield code="2">rdacarrier</subfield></datafield><datafield ind1=" " ind2=" " tag="500"><subfield code="a">Part of the Arabic Collections Online (ACO) project, contributed by New York Univeristy Libraries.</subfield></datafield><datafield ind1=" " ind2=" " tag="533"><subfield code="a">Electronic reproduction.</subfield><subfield code="b">New York, N.Y. :</subfield><subfield code="c">New York University,</subfield><subfield code="d">2015.</subfield><subfield code="5">NNU</subfield></datafield><datafield ind1=" " ind2="0" tag="650"><subfield code="a">Hadith.</subfield></datafield><datafield ind1=" " ind2="7" tag="650"><subfield code="a">Hadith.</subfield><subfield code="2">fast</subfield><subfield code="0">(OCoLC)fst00950112</subfield></datafield><datafield ind1="2" ind2=" " tag="710"><subfield code="a">New York University.</subfield><subfield code="b">Libraries.</subfield></datafield><datafield ind1="0" ind2=" " tag="730"><subfield code="a">Arabic Collections Online.</subfield></datafield><datafield ind1="0" ind2="8" tag="776"><subfield code="i">Online version:</subfield><subfield code="a">&#699;Ajlu&#772;ni&#772;, Isma&#772;&#699;i&#772;l ibn Muh&#803;ammad, 1676 or 7-1748 or 9.</subfield><subfield code="t">Kashf al-khafa&#772;&#700; wa-muzi&#772;l al-ilba&#772;s &#699;amma&#772; ishtahara min al-ah&#803;a&#772;di&#772;th &#699;ala&#769; alsinat al-na&#772;s.</subfield><subfield code="d">al-Qa&#772;hirah : Maktabat al-Qudsi&#772;, 1351-1352 [1932-1933]</subfield><subfield code="w">(OCoLC)612841556</subfield></datafield><datafield ind1="0" ind2="8" tag="776"><subfield code="i">Print version:</subfield><subfield code="a">&#699;Ajlu&#772;ni&#772;, Isma&#772;&#699;i&#772;l ibn Muh&#803;ammad, 1676 or 1677-1748 or 1749.</subfield><subfield code="t">Kashf al-khafa&#772;&#700; wa-muzi&#772;l al-ilba&#772;s &#699;amma&#772; ishtahara min al-ah&#803;a&#772;di&#772;th &#699;ala&#769; alsinat al-na&#772;s</subfield><subfield code="w">(NNU)001677189</subfield></datafield><datafield ind1="4" ind2="0" tag="856"><subfield code="u">http://hdl.handle.net/2333.1/d2547gkt</subfield></datafield><datafield ind1="1" ind2=" " tag="880"><subfield code="6">100-01/</subfield><subfield code="a">&#1593;&#1580;&#1604;&#1608;&#1606;&#1610;&#1548; &#1575;&#1587;&#1605;&#1575;&#1593;&#1610;&#1604; &#1576;&#1606; &#1605;&#1581;&#1605;&#1583;&#1548;,</subfield><subfield code="d">1676 or 1677-1748 or 1749.</subfield></datafield><datafield ind1="1" ind2="0" tag="880"><subfield code="6">245-02/</subfield><subfield code="a">&#1603;&#1588;&#1601; &#1575;&#1604;&#1582;&#1601;&#1575;&#1569; &#1608;&#1605;&#1586;&#1610;&#1604; &#1575;&#1604;&#1573;&#1604;&#1576;&#1575;&#1587; &#1593;&#1605;&#1575; &#1575;&#1588;&#1578;&#1607;&#1585; &#1605;&#1606; &#1575;&#1604;&#1571;&#1581;&#1575;&#1583;&#1610;&#1579; &#1593;&#1604;&#1609; &#1571;&#1604;&#1587;&#1606;&#1577; &#1575;&#1604;&#1606;&#1575;&#1587; /</subfield><subfield code="c">&#1604;&#1573;&#1587;&#1605;&#1575;&#1593;&#1610;&#1604; &#1576;&#1606; &#1605;&#1581;&#1605;&#1583; &#1575;&#1604;&#1593;&#1580;&#1604;&#1608;&#1606;&#1610; &#1575;&#1604;&#1580;&#1585;&#1575;&#1581;&#1610;.</subfield></datafield><datafield ind1=" " ind2=" " tag="880"><subfield code="6">260-03/</subfield><subfield code="a">&#1575;&#1604;&#1602;&#1575;&#1607;&#1585;&#1577; :</subfield><subfield code="b">&#1605;&#1603;&#1578;&#1576;&#1577; &#1575;&#1604;&#1602;&#1583;&#1587;&#1610;&#1548;</subfield><subfield code="c">1351-1352 [1932-1933]</subfield></datafield><datafield ind1=" " ind2=" " tag="959"><subfield code="a">NNU</subfield><subfield code="b">WEB</subfield><subfield code="c">GENI</subfield><subfield code="t">0</subfield><subfield code="m">Electronic access</subfield><subfield code="s">01</subfield></datafield><datafield ind1=" " ind2=" " tag="999"><subfield code="i">NNU_001677189</subfield><subfield code="s">nyu_aco000198:v.1/2</subfield></datafield></record>